@article{bakker03,
	author    = {Bart Bakker and Tom Heskes},
	title     = {Clustering Ensembles of Neural Network Models},
	journal   = {Neural Networks},
	Volume    = {16},
	number    = {2},
	year      = {2003},
	pages     = {261--269}
}
@inproceedings{barry07,
	author	  = {Mamoudou Barry and Eric Granger},
	title     = {Comparison of ARTMAP Neural Networks for Classification for Face
						   Recognition from Video},
	booktitle = {Proceedings of the {IEEE} International Joint Conference on 
							 Neural Networks},
	address   = {Orlando, USA},
	month			= {August},
	year      = {2007},
	pages     = {2256--2261}
}
@inproceedings{blackwell04,
  author    = {Tim Blackwell and J\"{u}rgen Branke},
  title     = {Multi-swarm Optimization in Dynamic Environments},
  booktitle = {Proceedings of the Conference Applications of Evolutionary Computing},
  address   = {Coimbra, Portugal},
	month			= {April},
	year      = {2004},
	pages     = {489--500}
}
@incollection {blackwell08,
   author    = {Tim Blackwell and J\"{u}rgen Branke and Xiaodong Li},
   title     = {Particle Swarms for Dynamic Optimization Problems},
   booktitle = {Swarm Intelligence},
   series    = {Natural Computing Series},
   publisher = {Springer Berlin Heidelberg},
   keyword   = {Computer Science},
   year      = {2008},
   pages     = {193-217},
}
@inproceedings{branke99,
	author    = {J\"{u}rgen Branke},
	title     = {Memory enhanced evolutionary algorithms for changing
							 optimization problems},
	booktitle = {Proceedings of the {IEEE} Congress on Evolutionary Computation},
	address   = {Washington, USA},
	month			= {July},
	year      = {1999},
  pages     = {1875--1882}
}
@article{brown05,
	author  = {Gavin Brown and Jeremy Wyatt and Rachel Harris and Xin Yao},
	title   = {Diversity creation methods: a survey and categorization},
	journal = {Information Fusion},
	volume  = {29},
	number  = {6},
	year    = {2005},
	pages   = {5--20}
}
@article{canuto00,
	author  = {Anne Canuto and Gareth Howells and Micheal Fairhurst},
	title   = {An investigation of the effects of variable vigilance within the
						 RePART neuro-fuzzy network},
	journal = {Journal of Intelligent and Robotic Systems: Theory and
						 Applications},
	volume  = {29},
	number  = {4},
	year    = {2000},
	pages   = {317--334}
}
@article{canuto07,
	author  = {Anne M.P. Canuto and Marjory C.C. Abreu, Lucas de Melo Oliveira,
						 Jo\~ao C. Xavier Jr. and Araken de M. Santos},
	title   = {Investingating the Influence of the Choice of the Ensemble Members
	           in Accuracy and Diversity of Selection-based and Fusion-based
	           Methods for Ensembles},
	journal = {Pattern Recognition Letters},
	volume  = {26},
	year    = {2007},
	pages   = {472--486}
}
@inbook{caragea01,
	author		= {Diona Caragea and Adrian Silvescu and and Vasant Honavar},
	chapter		= {Towards a Theoretical Framework for Analysis and Synthesis of
							 Agents That Learn from Distributed Dynamic Data Sources},
	title			= {Emerging Neural Architectures Based on Neuroscience},
	publisher	= {Springer-Verlag},
	address		= {Berlin},
	year			= {2001}
}
@inproceedings{carlisle02,
	author    = {Anthony Carlisle and Gerry Dozier},
	title     = {Tracking Changing Extrema with Adaptive Particle Swarm
							 Optimizer},
	booktitle = {Proceedings of the World Automation Congress},
	address   = {Orlando, Florida USA},
	month			= {June},
	year    	= {2002},
	pages     = {265--270}
}
@article{carpenter87,
	author  = {Gail A. Carpenter and Stephen Grossberg},
	title   = {A Massively Parallel Architecture for a Self-Organizing Neural
						 Pattern Recognition Machine},
	journal = {Computer, Vision, Graphics and Image Processing},
	year    = {1987},
	volume  = {37},
	number  = {1},
	pages   = {54--115}
}
@article{carpenter91,
	author  = {Gail A. Carpenter and Stephen Grossberg and John H. Reynolds},
	title   = {ARTMAP: Supervised Real-Time Learning and Classification of
						 Nonstationary Data by a Self-Organizing Neural Network},
	journal = {Neural Networks},
	volume  = {4},
	number  = {5},
	year    = {1991},
	pages   = {565--588}
}
@article{carpenter92,
	author  = {Gail A. Carpenter and Stephen Grossberg and Natalya Markuzon and 
						 John H. Reynolds and David B. Rosen},
	title   = {Fuzzy ARTMAP: A Neural Network Architecture for Incremental
						 Supervised Learning of Analog Multidimensional Maps},
	journal   = {{IEEE} Transactions on Systems, Man, and Cybernetics {C}},
	volume  = {3},
	number  = {5},
	year    = {1992},
	pages   = {698--713}
}
@article{carpenter98,
	author  = {Gail A. Carpenter and Natalya Markuzon},
	title   = {ARTMAP-{IC} and medical diagnosis: Instance counting and 
						 inconsistent cases},
	journal = {Neural Networks},
	volume  = {11},
	number  = {2},
	year    = {1998},
	pages   = {323--336},
}
@article{chakraborty03,
	author  = {Debrup Chakraborty and Nikhil R. Pal},
	title   = {A Novel Training Scheme for MLPs to Realize Proper Generalization
						 and Incremental Learning},
	journal = {{IEEE} Transactions on Systems, Man, and Cybernetics {C}},
	volume  = {14},
	number  = {1},
	year    = {2003},
	pages   = {1--4}
}
@inproceedings{chin05,
	author    = {Tat-Jun Chin and James U and Konrad Schindler and David Suter},
	title     = {Face Recognition from Video by Matching Image Sets},
	booktitle = {Proceedings of the Conference on Digital Image Computing on
							 Techniques and Applications},
	year      = {2005},
	pages     = {1--28},
	address   = {Washington, USA},
}
@ARTICLE{coello04, 
	author  = {C.A.C. Coello and G.T. Pulido and M.S. Lechuga}, 
	journal = {{IEEE} Transactions on Evolutionary Computation}, 
	title   = {Handling multiple objectives with particle swarm optimization}, 
	year    = {2004}, 
	month   = jun, 
	volume  = {8}, 
	number  = {3}, 
	pages   = {256--279}, 
}
@inproceedings{connolly08,
	author    = {Jean-Fran\c{c}ois Connolly and Eric Granger and
							 Robert Sabourin},
	title     = {Supervised Incremental Learning with the Fuzzy ARTMAP Neural
	          	 Network},
	booktitle = {Proceedings of the Artificial Neural Networks in Pattern 
							 Recognition},
	address   = {Paris, France},
	month			= {July},
	year    	= {2008},
	pages     = {66--77}
}
@inproceedings{connolly09,
	author    = {Jean-Fran\c{c}ois Connolly and Eric Granger and
							 Robert Sabourin},
	title     = {Incremental Adaptation of Fuzzy ARTMAP Neural Networks for
							 Video-Based Face Classification},
	booktitle = {Proceedings of the {IEEE} Symposium on Computational Intelligence for Security and Defence Applications},
	address   = {Ottawa, Canada},
	month			= {July},
	year    	= {2009},
	pages     = {1--8}
}
@article{connolly09_2, 
	author  = {Jean-Fran\ccois Connolly and Richard Labib}, 
	title   = {A Multiscale Scheme for Approximating the Quantron's Discriminating 
             Function}, 
	journal   = {{IEEE} Transactions on Systems, Man, and Cybernetics {C}},
	year    = {2009}, 
	month   = {August}, 
	volume  = {20}, 
	number  = {8}, 
	pages   = {1254 -1266}, 
}
@article{connolly10,
	author  = {Jean-Fran\c{c}ois Connolly and Eric Granger and
							 Robert Sabourin},
	title   = {An adaptive classification system for video-based face 	
						 recognition},
	journal = {Information Sciences},
	year    = {2012},
	volume 	= {192},
	number  = {1},
	pages   = {50--70},
}
@inproceedings{connolly10_2, 
	author  = {Jean-Fran\c{c}ois Connolly and Eric Granger and
							 Robert Sabourin},
	booktitle = {Proceedings of the {IEEE} Congress on Evolutionary Computation},
	title     = {An adaptive ensemble of fuzzy ARTMAP neural networks for
               video-based face classification}, 
	year      = {2010}, 
	month     = {July}, 
	pages     = {1--8} 
}
@article{connolly11,
	author  = {Jean-Fran\c{c}ois Connolly and Eric Granger and
						 Robert Sabourin},
	title   = {Evolution of heterogeneous ensembles through dynamic 
					   particle swarm optimization for video-based face recognition},
	journal = {Pattern Recognition},
	year    = {2012},
	volume 	= {45},
	number  = {7},
	pages   = {2460--2477}
}
@inproceedings{connolly11_2, 
	author  = {Jean-Fran\c{c}ois Connolly and Eric Granger and
							 Robert Sabourin},
	booktitle = {Proceedings of the {IEEE} Workshop on Computational Intelligence 
							 in Biometrics and	Identity Management},
	title     = {Comparing dynamic PSO algorithms for adapting classifier 
							 ensembles in video-based face recognition}, 
	year      = {2011},
	month     = {April}, 
	address   = {Paris, France},
	pages     = {1--8}
}
@article{connolly12,
	author  = {Jean-Fran\c{c}ois Connolly and Eric Granger and
						 Robert Sabourin},
	title   = {Dynamic multi-objective evolution of classifier ensembles applied 
						 to video-based face recognition},
	journal = {Applied Soft Computing},
	year    = {2012 (submitted, reference no.: ASOC-D-12-00025)},
	note    = {Swarm Intelligence in Image and Video Processing}
}
@article{corriveau12, 
	author  = {Guillaume Corriveau and Raynald Guilbault and Antoine Tahan and
	 					 Robert Sabourin},
	journal = {{IEEE} Transaction on Evolutionary Computation},
	title   = {Review and study of genotype diversity measures for real-coded 
						 representations}, 
	year    = {2012 (in press, doi: 10.1109/TEVC.2011.2170075)},
	doi     = {10.1109/TEVC.2011.2170075}
}
@inproceedings{dietterich00,
	author    = {T. G. Dietterich},
	title     = {Ensemble methods in machine learning},
	booktitle = {Proceedings of the International Workshop on Multiple Classifier Systems},
	address   = {Cagliari, Italy},
	year      = {2000},
	pages     = {1--15}
}
@article{du08,
	author    = {Weilin Du and Bin Li},
	title     = {Multi-strategy ensemble particle swarm optimization for dynamic
							 optimization},
	journal   = {Information Science},
	volume    = {178},
	number    = {15},
	year      = {2008},
	pages     = {3096--3109}
}
@article{dubrawski97,
	author  = {Arthur Dubrawski},
	title   = {Stochastic validation for automated tuning of neural network's hyper-parameters},
	journal = {Robotics and Autonomous Systems},
	year    = {1997},
	volume  = {21},
	number  = {1},
	pages   = {83--93}
}
@inbook{engelbrecht05,
	author		= {Andries P. Engelbrecht},
	title			= {Fundamental of Computational Swarm Intelligence},
	publisher	= {John Wiley \& Sons},
	address   = {Chichester, UK},
	chapter   = {7.2},
	year			= {2005}
}
@inproceedings{foresti02,
	author    = {G. L. Foresti and L. Snidaro},
	title     = {A distributed sensor network for video surveillance of outdoor
							 environments},
	booktitle = {Proceedings of the {IEEE} International Conference on Image 
							 Processing},
	address   = {Rochester, USA},
	month			= jun,
	year      = {2002},
	pages     = {525--528}
}
@article{freund97,
	author  = {Yoav Freund and Robert Schapire},
	title   = {A decision theoretic generalization of on-line learning and an 
						 application to boosting},
	journal = {Computer Systems Science},
	volume  = {57},
	number  = {1},
	year    = {1997},
	pages   = {119--139}
}
@inproceedings{fritzke96,
	author    = {Bernd Fritzke},
	title     = {Growing Self-Organizing Networks - Why?},
	booktitle = {Proceedings of the European Symposium on Artificial Intelligence},
	address   = {Brugge, Belgium},
	month			= {April},
	year      = {1996},
	pages     = {61--72}
}
@article{fung03,
	author  = {Wai-Keung Fung and Yun-Hui Liu},
	title   = {Adaptive categorization of ART networks in robot behavior
						 learning using game-theoretic formulation},
	journal = {Neural Networks},
	volume  = {16},
	number  = {10},
	year    = {2003},
	pages   = {1403--1420}
}
@inproceedings{gao07,
	author	  = {Jing Gao and Wei Fan and Jiawei Han},
	title		  = {On appropriate assumptions to mine data streams: Analysis and
							 practice},
	booktitle	= {Proceedings of the SIAM International Conference on Data Mining},
	address   = {Victoria, Canada},
	month		  = {May},
	year		  = {2007},
	pages		  = {143--152}
}
@article{garcia05,
	author  = {Nicol\'as Garc\'{i}a-Pedrajas and C\'esar Herv\'as-Mart\'inez and 
	           Domingo Ortiz-Boyer},
	title   = {Cooperative Coevolution of Artificial Neural Network Ensemble for 
						 Pattern Classification},
	journal = {{IEEE} Transactions on Evolutionary Computing},
	volume  = {9},
	number  = {3},
	year    = {2005},
	pages   = {271--302}
}
@inproceedings{gorodnichy05,
	author	  = {Dimitry O. Gorodnichy},
	title		  = {Video-Based Framework for Face Recognition in Video},
	booktitle	= {Second Workshop on Face Processing in Video in Proceedings of the Conference on Computer and Robot Vision},
	address   = {Victoria, Canada},
	month		  = {May},
	year		  = {2005},
	pages		  = {325--344}
}
@article{granger01,
	author  = {Eric Granger and Mark A. Rubin and Stephen Grossberg and
						 Pierre Lavoie},
	title   = {A What-and-Where Fusion Neural Network for Recognition
						 and Tracking of Multiple Radar Emitters},
	journal = {Neural Networks},
	year    = {2001},
	volume  = {14},
	pages   = {325--344}
}
@article{granger07,
	author  = {Eric Granger and Philippe Henniges and Luis S. Oliveira and
  				   Robert Sabourin},
	title   = {Supervised Learning of Fuzzy ARTMAP Neural Networks Through
						 Particle Swarm Optimization},
	journal = {Journal of Pattern Recognition Research},
	year    = {2007},
	volume  = {2},
	number  = {1},
	pages   = {27--60}
}
@inproceedings{granger08,
	author    = {Eric Granger and Jean-Fran\c{c}ois Connolly and Robert Sabourin},
	title     = {A Comparison of Fuzzy ARTMAP and Gaussian ARTMAP Neural Networks
						 for Incremental Learning},
	booktitle = {Proceedings of the {IEEE} International Joint Conference on Neural Networks},
	address   = {Hong Kong, China},
	month			= jun,
	year      = {2008},
	pages     = {3304--3311}
}
@techreport{gross02,
	author      = {Ralph Gross and Jianbo Shi},
	title       = {The {CMU} Motion of Body ({M}o{B}o) Database, 2001},
	number      = {CMU-RI-TR-01-18},
  institution = {Carnegie Mellon University},
	pages       = {1--13},
	year        = {2001},
}
@article{grossberg88,
	author  = {Stephen Grossberg},
	title   = {Nonlinear neural networks: Principles, mechanisms, and
						 architectures},
	journal = {{IEEE} Transactions on Neural Networks},
	year    = {1988},
	volume  = {1},
	number  = {1},
	pages   = {17--61}
}
@article{hadjitodorov06,
	author  = {Stefan T. Hadjitodorov and Ludmila I. Kuncheva and Ludmila P. Todorova},
	title   = {Moderate diversity for better cluster ensembles},
	journal = {Information Fusion},
	year    = {2006},
	volume  = {7},
	number  = {3},
	pages   = {264--275}
}
@inproceedings{henniges05,
	author    = {Henniges, P. and Granger, E. and Sabourin, R.},
	title     = {Factors of overtraining with fuzzy ARTMAP neural networks},
	booktitle = {Proceedings of the {IEEE} International Joint Conference on
							 Neural Networks},
	year      = {2005},
	month     = {july},
	volume    = {2},
	pages     = {1075--1080},
}
@inproceedings{hennegis06,
	author    = {Philippe Henniges and Eric Granger and Robert Sabourin and Luiz S. Oliveira},
	title     = {Impact of fuzzy ARTMAP match tracking strategies on the recognition of handwritten digits},
	booktitle = {Artificial Neural Networks In Engineering},
	address   = {St. Louis, USA},
	month			= {November},
	year      = {2006},
	pages     = {465--472},
}
@inproceedings{hu02,
	author    = {Xiaohui Hu and Russell C. Eberhart},
	title     = {Adaptive Particle Swarm Optimization: Detection and Response to
							 Dynamic Systems},
	booktitle = {Proceedings of the {IEEE} Congress on Evolutionary Computation},
	address   = {Honolulu, USA},
	month			= {May},
	year      = {2002},
	volume    = {2},
	pages     = {1666--1670}
}
@book{jain05,
 author = {Jain, Anil K. and Li, Stan Z.},
 title = {Handbook of Face Recognition},
 year = {2005},
 publisher = {Springer-Verlag New York, Inc.},
 address = {Secaucus, NJ, USA},
}
@article{jain06,
	author  = {Anil K. Jain and Arun Ross and Sharath Pankanti},
	title   = {Biometrics: A Tool for Information Security},
	journal = {{IEEE} Transactions on Information Forensics and Security},
	volume  = {1},
	number  = {2},
	year    = {2006},
	pages   = {125--143}
}
@article{jiang02,
  author  = {Xudong Jiang and Wee Ser},
  title   = {Online fingerprint template improvement},
	journal = {{IEEE} Transactions on Pattern Analysis and Machine Intelligence},
	volume  = {24},
	number  = {8},
	year    = {2002},
	pages   = {1121--1126}
}
@inproceedings{kapp07,
  author    = {Marcelo N. Kapp and Robert Sabourin and Patrick Maupin},
  title     = {An Empirical Study on Diversity Measures and Margin Theory for 
  						 Ensembles of Classifiers},
	booktitle = {Proceedings of the International Conference on Information 
							 Fusion},
	address   = {Qu\'ebec, Canada},
	month			= {July},
	year      = {2007},
	pages     = {1--8}
}
@inproceedings{kapp09,
 author    = {Kapp, Marcelo N. and Sabourin, Robert and Maupin, Patrick},
 title     = {A PSO-based framework for dynamic SVM model selection},
 booktitle = {Proceedings of the 11th Annual conference on Genetic and
 						  evolutionary computation},
 series    = {GECCO},
 year      = {2009},
 location = {Montr\'eal, Canada},
 pages = {1227--1234},
} 
@INPROCEEDINGS{kapp10,
author    = {Kapp, M.N. and Sabourin, R. and Maupin, P.},
booktitle = {International Conference on Pattern Recognition},
title     = {Adaptive Incremental Learning with an Ensemble of Support Vector
						 Machines},
address   = {Istanbul, Turkey},
year			= {2010},
month     = {august},
pages     = {4048--4051},
}
@inproceedings{kennedy95,
	author    = {James Kennedy and Russell C. Eberhart},
	title     = {Particle swarm optimization},
	booktitle = {Proceedings of the {IEEE} International Conference on Neural 
							 Networks},
	address   = {Perth, Australia},
	month			= {November},
	year      = {1995},
	pages     = {1942--1948}
}
@inproceedings{kennedy07,
	author    = {James Kennedy},
	title     = {Some Issues and Practices for Particle Swarms},
	booktitle = {Proceedings of the {IEEE} International on Swarm Intelligence},
	address   = {Honolulu, USA},
	month			= {April},
	year      = {2007},
	pages     = {162--169}
}
@inproceedings{kim09,
  author    = {Yong-Hyuk Kim and Kang Hoon Lee and Yourim Yoon},
  title     = {Visualizing the Search Process of Particle Swarm Optimization},
  booktitle = {Proceedings of the Genetic and Evolutionary Computation 
  						 Conference},
  address   = {Montr\'eal, Canada},
	month			= {July},
	year      = {2009},
	pages     = {49--55}
}
@article{kuncheva03,
	author  = {Ludmila I. Kuncheva, C. J. Whitacker},
	title   = {Measures of Diversity in Classifier Ensembles and their
	Relationship with the Ensemble Accuracy},
	journal = {Machine Learning},
	volume  = {50},
	number  = {2},
	year    = {2003},
	pages   = {181--207}
}
@inproceedings{kuncheva04,
  author    = {Ludmila I. Kuncheva},
  title     = {Classifier ensembles for changing environments},
  booktitle = {Proceedings of the International Workshop on Multiple Classifier 
  						 Systems},
  address   = {Cagliari, Italy},
	year      = {2004},
	pages     = {1--15}
}
@article{koufakou01,
author = "Anna Koufakou and Michael Georgiopoulos and George Anagnostopoulos and Takis Kasparis",
title = "Cross-validation in Fuzzy ARTMAP for large databases",
journal = "Neural Networks",
volume = "14",
number = "9",
pages = "1279--1291",
year = "2001"
}
@inproceedings{li01,
	author    = {Baoxin Li and Rama Chellappa},
	title     = {Gabor Attributes Tracking for Face Verification},
	booktitle = {Proceedings of the {IEEE} International Conference on Image 
							 Processing},
	address   = {Thessaloniki, Greece},
	month			= {July},
	year    	= {2001},
	pages     = {45--48}
}
@inproceedings{li06,
	author    = {Xiaodong Li and J\"{u}rgen Branke and Tim Blackwell},
	title     = {Particle Swarm with Speciation and Adaptation in a
							 Dynamic Environment},
	booktitle = {Proceedings of the Genetic And Evolutionary Computation Conference},
	address   = {Seattle, USA},
	month			= {July},
	year      = {2006},
	pages     = {51--58}
}
@inproceedings{li10,
  author    = {Rong Li and Timothy R. Mersch and Oriana X. Wen and Assem Kaylani
							 and Georgios C. Anagnostopoulos},
  title     = {Multi-objective memetic evolution of ART-based classifiers},
  booktitle = {Proceedings of the {IEEE} Congress on Evolutionary Computation},
	address   = {Barcelona, Spain},
	month			= {July},
  year      = {2010},
  pages     = {1--8},
}
@article{lim03,
  author    = {Chee Peng Lim and Robert F. Harrison},
  title     = {Online Pattern Classification With Multiple Neural Network
							 Systems: An Experimental Study},
	journal   = {{IEEE} Transactions on Systems, Man, and Cybernetics {C}},
	volume    = {33},
	number    = {2},
	year      = {2003},
	pages     = {235--247}
}
@inproceedings{liu01,
	author    = {Y. Liu and X. Yao and Q. Zhao and T. Higuchi},
	title     = {Evolving a cooperative population of neural networks by
							 minimizing mutual information},
	booktitle = {Proceedings of the {IEEE} Congress on Evolutionary Computation},
	address   = {Seoul, Korea},
	month			= {May},
	year      = {2001},
  pages     = {384--389}
}
@inproceedings{maloof03,
	author    = {Marcus A. Maloof},
	title     = {Incremental Rule Learning with Partial Instance Memory for 
					     Changing Concept},
	booktitle = {Proceedings of the {IEEE} International Joint Conference on Neural Networks},
	volume    = {14},
	address   = {Portland, USA},
	month			= {July},
	year      = {2003},
	pages     = {1--14}
}
@inproceedings{majumdar08,
	author    = {Angshul Majumdar and Panos Nasiopoulos},
	title     = {Frontal Face Recognition from Video},
	booktitle = {Proceedings of the International Symposium on Visual Computing},
	address   = {Las Vegas, USA},
	month			= {December},
	year      = {2008},
	pages     = {297--306}
}
@inproceedings{matta07,
  author    = {Frederico Matta and Jean-Luc Dugelay},
  title     = {Video Face Recognition: A Physiological and Behavioural
  						 Multimodal Approach},
  booktitle = {Proceedings of the {IEEE} International Conference Image 
  						 Processing},
	address   = {San Antonio, USA},
	month			= {September},
  year      = {2007},
	volume    = {4},
  pages     = {497--500},
}
@article{matta09,
  author    = {Frederico Matta and Jean-Luc Dugelay},
  title     = {Person recognition using facial video information: A state of the
							 art},
	journal   = {Journal of Visual Language and Computing},
	volume    = {20},
	number    = {3},
	year      = {2009},
	pages     = {180--187}
}
@inproceedings{mian08,
  author    = {Ajmal Mian},
  title     = {Unsupervised learning from local features for video-based
               face recognition},
  booktitle = {Proceedings of the {IEEE} International Conference on Automatic 
  						 Face and Gesture Recognition},
	month			= {September},
  year      = {2008},
  pages     = {1-6},
}
@article{minku10,
	author    = {Leandro L. Minku and Allan P. White and Xin Yao},
	title     = {The Impact of Diversity on Online Ensemble Learning in the
							 Presence of Concept Drift},
	journal   = {{IEEE} Transactions on Knowledge and Data Engineering},
	volume    = {22},
	number    = {5},
	year      = {2010},
	pages     = {730--742}
}
@article{moon01,
  author    = {Hyeonjoon Moon and Paul Jonathon Phillips},
  title     = {Computational and performance aspect of pca-based 
  						 face-recognition algorithms},
	journal   = {Perception},
	volume    = {30},
	number    = {3},
	year      = {2001},
	pages     = {303--321}
}
@inproceedings{nickabadi08_1,
	author    = {Ahmad Nickabadi and Mohammad Mehdi Ebadzadeh and Reza
							 Safabakhsh},
	title     = {{DNPSO}: A Dynamic Niching Particle Swarm Optimizer for
							 Multi-Modal Optimization},
	booktitle = {Proceedings of the {IEEE} Congress on Evolutionary Computation},
	address   = {Hong Kong, China},
	month			= {May},
	year      = {2008},
	pages     = {26--32}
}
@inproceedings{nickabadi08_2,
	author    = {Ahmad Nickabadi and Mohammad Mehdi Ebadzadeh and Reza
							 Safabakhsh},
	title     = {Evaluating the Performance of {DNPSO} in Dynamic Environments},
	booktitle = {Proceedings of the {IEEE} International Conference on Systems,
							 Man, and Cybernetics},
	address   = {Singapore},
	month			= {October},
	year      = {2008},
	pages     = {12--15}
}
@inproceedings{okamoto03,
	author    = {Keisuke Okamoto and Seiichi Ozawa and Shigeo Abe},
	title     = {A Fast Incremental Learning Algorithm with Long-Term Memory},
	booktitle = {Proceedings of the {IEEE} International Joint Conference on 
							 Neural Networks},
	address   = {Portland, USA},
	month			= {July},
	year      = {2003},
	pages     = {102--107}
}
@inproceedings{oliveira09,
	author    = {Olivieira, Diogo {F. de} and Anne M. P. Canuto and Marcilio C. P.
							 de Souto},
	title     = {Use of Multi-Objective Genetic Algorithms to Investigate the
							 Diversity/Accuracy Dilemma in Heterogeneous Ensembles},
	booktitle = {Proceedings of the {IEEE} International Joint Conference on Neural Networks},
	address   = {Atlanta, USA},
	month			= jun,
	year      = {2009},
	pages     = {1238--1245}
}
@inproceedings{orlunda08,
	author    = {Olusegun Olorunda and Andries P. Engelbrecht},
	title     = {Measuring Exploration/Exploitation in Particle Swarms using
							 Swarm Diversity},
	booktitle = {Proceedings of the {IEEE} Congress on Evolutionary Computation},
	address   = {Hong Kong, China},
	month			= {May},
	year      = {2008},
	pages     = {1128--1134}
}
@inproceedings{ozcan07,
	author    = {Ender \"{O}zcan and Murat Y\'{y}lmaz},
	title     = {Particle Swarms for Multimodal Optimization},
	booktitle = {Proceedings of the International Conference on Adaptive and 
							 Natural Computing Algorithms},
	address   = {Warsaw, Poland},
	month			= {April},
	year      = {2007},
	pages     = {366--375}
}
@book{pato10,
	title     = {Biometric Recognition: Challenges and Opportunities},
	journal   = {Challenges},
	publisher = {The National Academies Press},
	author    = {Pato, Joseph N and Millett, Lynette I},
	editor    = {Pato, Joseph N and Millett, Lynette I},
	year      = {2010},
	pages     = {183}
}
@incollection {poh09,
   author    = {Norman Poh and Wong Rita and Josef Kittler and Fabio Roli},
   title     = {Challenges and Research Directions for Adaptive Biometric 
   						  Recognition Systems},
   booktitle = {Advances in Biometrics},
   series    = {Lecture Notes in Computer Science},
   editor    = {Tistarelli, Massimo and Nixon, Mark},
   publisher = {Springer Berlin / Heidelberg},
   pages     = {753--764},
   volume    = {5558},
   year      = {2009}
}
@article{polikar01,
	author  = {Robi Polikar and Lalita Udpa and Satish S. Udpa and
						 Vasant Honavar},
	title   = {Learn++ : An Incremental Learning Algorithm for Supervised Neural
						 Networks},
	journal = {{IEEE} Transactions on Systems, Man, and Cybernetics {C}},
	volume  = {31},
	number  = {4},
	year    = {2001},
	pages   = {497--508}
}
@ARTICLE{polikar09, 
	author  = {Muhlbaier, M.D. and Topalis, A. and Polikar, R.}, 
	journal = {{IEEE} Transactions on Neural Networks}, 
	title   = {Learn++.NC: Combining Ensemble of Classifiers With Dynamically
						 Weighted Consult-and-Vote for Efficient Incremental Learning of New
						 Classes}, 
	year    = {2009}, 
	month   = {January}, 
	volume  = {20}, 
	number  = {1}, 
	pages   = {152--168}, 
}
@article{polikar10,
	title   = {Learn++.MF: A random subspace approach for the missing feature
						 problem},
	journal = {Pattern Recognition},
	volume  = {43},
	number  = {11},
	pages   = {3817--3832},
	year    = {2010},
	author  = {Robi Polikar and Joseph DePasquale and Hussein Syed Mohammed and
						 Gavin Brown and Ludmilla I. Kuncheva},
}
@ARTICLE{polikar11, 
	author  = {Elwell, R. and Polikar, R.}, 
	journal = {{IEEE} Transactions on Neural Networks}, 
	title   = {Incremental Learning of Concept Drift in Nonstationary
						 Environments}, 
	year    = {2011}, 
	month   = {October}, 
	volume  = {22}, 
	number  = {10}, 
	pages   = {1517--1531}, 
}
@article{potter00,
	author	= {Mitchell A. Potter and Kenneth A. De Jong},
	title		= {Cooperative Coevolution: An Architecture for Evolving Coadapted
						 Subcomponents},
	journal = {Evolutionary Computation},
	volume  = {8},
	issue   = {1},
	pages   = {1--29},
	year		= {2000}
}
@article{rashid09,
	author  = {Tarik Rashid},
	title   = {A Heterogeneous Ensemble Network Using Machine Learning 
						 Techniques},
	journal = {International Journal of Computer Science an Network Security},
	volume  = {9},
	number  = {8},
	year    = {2009},
	pages   = {335--339}
}
@incollection {rattani09,
   author    = {Ajita Rattani and Biagio Freni and Gian Marcialis and 
   						  Fabio Roli},
   title     = {Template Update Methods in Adaptive Biometric Systems: A 
   							Critical Review},
   booktitle = {Advances in Biometrics},
   series    = {Lecture Notes in Computer Science},
   editor    = {Tistarelli, Massimo and Nixon, Mark},
   publisher = {Springer Berlin / Heidelberg},
   pages     = {847--856},
   volume    = {5558},
   year      = {2009}
}
@phdthesis{rattani10,
	author	= {Ajita Rattani},
	title		= {Adaptive Biometric System Based on Template Update Procedures},
	school  = {University of Cagliari},
	address = {Cagliari, Italy},
	year		= {2010}
}
@article{reyes06,
	author  = {Margarita Reyes-Sierra and Carlos A. Coello Coello},
	title   = {Multi-objective particle swarm optimizers: A survey of the
						 state-of-the-art},
	journal = {International Journal of Computational Intelligence Research},
	volume  = {2},
	number  = {3},
	year    = {2006},
	pages   = {287--308}
}
@incollection {roli08,
   author    = {Roli, Fabio and Didaci, Luca and Marcialis, Gian},
   title     = {Adaptive Biometric Systems That Can Improve with Use},
   booktitle = {Advances in Biometrics},
   editor    = {Ratha, Nalini K. and Govindaraju, Venu},
   publisher = {Springer London},
   pages     = {447--471},
   year      = {2008}
}
@inproceedings{ruping01,
	author    = {Stephen Ruping},
	title     = {Incremental Learning with Support Vector Machines},
	booktitle = {Proceedings of the {IEEE} International Conference on Data 
							 Mining},
	address   = {San Jose, USA},
	month			= {November},
	year      = {2001},
	pages     = {641--642}
}
@inbook{sharkey99,
	author		= {Amanda J. C. Sharkey},
	chapter		= {Multi-net systems},
	title			= {Combining artificial neural nets: Ensemble and modular multi-net
							 systems},
	publisher	= {Springer-Verlag},
	address		= {New York},
	year			= {1999}
}
@article{sirlantzis08,
  author    = {K. Sirlantzis and S. Hoque and M.C. Fairhurst},
  title     = {Diversity in Multiple Classifier Ensembles Based on Binary 
  						 Feature Quantisation with Application to Face Recognition},
	journal   = {Journal of Visual Language and Computing},
	volume    = {8},
	year      = {2008},
	pages     = {437--445}
}
@article{tang06,
	author  = {E. K. Tang and P. N. Suganthan and X Yao},
	title   = {An Analysis of Diversity Measure},
	journal = {Machine Learning},
	year    = {2006},
	volume  = {65},
	number  = {1},
	pages   = {247--271}
}
@article{tsymbal08,
	author    = {Alexey Tsymbla and Mykola Pechenizkiy and P\'adraig Cunningham
							 and Seppo Puuronen},
	title     = {Dynamic integration of classifiers for handling concept drift},
	journal   = {Information Fusion},
	volume    = {9},
	number    = {1},
	year      = {2008},
	pages     = {56--68}
}
@article{ulas09,
	author    = {Aydin Ula\c{s} and Murat Semerci and Olcay Taner Yildiz and
							 Ethem Alpaydin},
	title     = {Incremental construction of classifier and discriminant 
							 ensembles},
	journal   = {Information Sciences},
	volume    = {179},
	number    = {9},
	year      = {2009},
	pages     = {1298--1318}
}
@article{uludag04,
	author  = {Umut Uludag and Arun Ross and Anil Jain},
	title   = {Biometric template selection and update: a case study in
						 fingerprints},
	journal = {Pattern Recognition},
	volume  = {37},
	number  = {7},
	pages   = {1533--1542},
	year    = {2004}
}
@phdthesis{valentini03,
	author		= {Giorgio Valentini},
	title			= {Ensemble methods based on bias-variance analysis},
	school    = {University of Genova},
	address   = {Genova, Switzerland},
	year			= {2003}
}
@article{ventresca08,
	author    = {Mario Ventresca and Hamid R. Tizhoosh},
	title     = {A diversity maintaining population-based incremental learning
							 algorithm},
	journal   = {Information Science},
	volume    = {178},
	number    = {21},
	year      = {2008},
	pages     = {4038--4056}
}
@inproceedings{viola01,
	author    = {Paul Viola and Micheal Jones},
	title     = {Rapid object detection using a boosted cascade of simple
							 features},
	booktitle = {Proceedings of the {IEEE} Conference Computer Vision and Pattern 
							 Recognition},
	address   = {Kauai, USA},
	month			= {December},
	year      = {2001},
	pages     = {511--518}
}
@inproceedings{wang07,
  author    = {Hongfeng Wang and Dingwei Wang and Shengxiang Yang},
  title     = {Triggered Memory-Based Swarm Optimization in Dynamic
  						 Environments},
  booktitle = {Applications of Evolutionary Computing},
  address   = {Valencia, Spain},
	month			= {April},
	year      = {2007},
	pages     = {637--646}
}
@article{widmer96,
	author    = {Gerhard Widmer and Miroslav Kubat},
	title     = {Learning in the presence of concept drift and hidden contexts},
	journal   = {Machine Learning},
	volume    = {23},
	number    = {1},
	year      = {1996},
	pages     = {69--101}
}
@article{zhang09,
	author    = {Xiaozheng Zhang and Yongsheng Gaoa},
	title     = {Face recognition across pose: A review},
	journal   = {Pattern Recognition},
	volume    = {42},
	number    = {11},
	year      = {2009},
	pages     = {2876--2896}
}
@article{zhao03,
	author  = {Wenyi Yi Zhao and Ramalingam Chellappa and Paul Jonathon Phillips 
						 and Azriel P Rosenfeld},
	title   = {Face recognition: A literature survey},
	journal = {ACM Computing Surveys},
	volume  = {35},
	number  = {4},
	year    = {2003},
	pages   = {399--458}
}
@article{zhou02,
	author  = {Zhi-Hua Zhou and Jianxin Wu and Wei Tang},
	title   = {Ensembling neural networks: Many could be better than all},
	journal = {Artificial Intelligence},
	volume  = {137},
	number  = {1--2},
	year    = {2002},
	pages   = {239--263}
}
@article{zhou03,
	author  = {Shahua Zhou and Volker Krueger and Ramalingam Chellappa},
	title   = {Probabilistic recognition of human faces from video},
	journal = {Computer Vision and Image Understanding},
	year    = {2003},
	volume  = {91},
	pages   = {214--245}
}
%------------------------------------------------------------------------------%
@article{arandjelovic09,
	author  = {Ognjen Arandjelovic and Roberto Cipolla},
	title   = {A methodology for rapid illumination-invariant face recognition
						 using image processing filters},
	journal = {Computer Vision and Image Understanding},
	volume  = {113},
	number  = {2},
	pages   = {159--171},
	year    = {2009}
}
@inproceedings{cevikalp10, 
	author    = {Hakan Cevikalp and Bill Triggs}, 
booktitle={Computer Vision and Pattern Recognition (CVPR), 2010 IEEE Conference on},
title={Face recognition based on image sets},
year={2010},
month={June},
volume={},
number={},
pages={2567--2573},
}
@incollection {shan10,
   author    = {Shan, Caifeng},
   title     = {Face Recognition and Retrieval in Video},
   booktitle = {Video Search and Mining},
   series    = {Studies in Computational Intelligence},
   publisher = {Springer Berlin / Heidelberg},
   pages     = {235--260},
   volume    = {287},
   year      = {2010}
}
@inproceedings{tangelder06, 
	author    = {Johan W.H. Tangelder and Ben A.M. Schouten},
	title     = {Learning a Sparse Representation from Multiple Still Images for 
	             On-Line Face Recognition in an Unconstrained Environment}, 
	booktitle = {Proceedings of the International Conference on Pattern 
							 Recognition},
	year      = {2006}, 
	volume  	= {3}, 
	pages   	= {1087--1090}, 
	address 	= {Los Alamitos, CA, USA},
}
@article{balasubramanian09,
	author  = {M. Balasubramanian and S. Palanivel and V. Ramalingam},
	title   = {Real time face and mouth recognition using radial basis function 
						 neural networks},
	journal = {Expert Systems with Applications},
	volume  = {36},
	number  = {3, Part 2},
	pages   = {6879--6888},
	year    = {2009},
}
@inproceedings{hadid04,
	author    = {Abdenour Hadid and Matti Pietik\"{a}inen},
	title     = {Selecting models from videos for appearance-based face
							 recognition},
	booktitle = {Proceedings of the International Conference on Pattern
							 Recognition},
	year      = {2004},
	pages     = {304--308}
}
@inproceedings{liu03,
	author    = {Xiaoming Liu and Tsuhan Chen},
	title     = {Video-Based Face Recognition Using Adaptive Hidden {Markov} 
							 Models},
	booktitle = {Proceedings of the {IEEE} Conference on Computer Vision and 
							 Pattern Recognition},
	year      = {2003},
	pages     = {340--345},
	address   = {Los Alamitos, CA, USA}
}
@inproceedings{wang08,
	author    = {Ruiping Wang and Shiguang Shan and Xilin Chen and Wen Gao},
	title     = {Manifold-Manifold Distance with application to face recognition 
					     based on image set}, 
	booktitle = {Proceedings of the {IEEE} Conference on Computer Vision and 
							 Pattern Recognition},
	year      = {2008}, 
	month     = {June}, 
	address 	= {Anchorage, USA},
	pages     = {1--8}, 
}
@incollection {wang10,
  author      = {Chao Wang and Yongping Li and Xinyu Ao},
  title       = {Quality Fusion Rule for Face Recognition in Video},
  booktitle   = {Advanced Concepts for Intelligent Vision Systems},
  series      = {Lecture Notes in Computer Science},
  publisher   = {Springer Berlin / Heidelberg},
  pages       = {333--342},
  volume      = {5807},
  year        = {2009},
}
%------------------------------------------------------------------------------%
@article{lu06,
  author  = {Juwei Lu and K. N. Plataniotis and A. N. Venetsanopoulos and
		  		   Stan Z. Li},
  title   = {Ensemble-based discriminant learning with boosting for face 
  				   recognition},
  journal = {{IEEE} Transactions on Neural Networks},
  year    = {2006},
  volume  = {17},
  number  = {1},
  pages   = {166--178}
}
@inproceedings{su07,
	author    = {Yu Su and Shiguang Shan and Xilin Chen and Wen Gao},
	title     = {Hierarchical ensemble of global and local classifiers for face 
					     recognition},
	booktitle = {Proceedings of the {IEEE} International Conference on Computer 
							 Vision},
	month     = {October},
	year      = {2007},
	pages     = {1--8},
	address   = {Rio de Janeiro, Brazil}
}
@article{er02,
    author  = {Meng Joo Er and Shiqian Wu and Juwei Lu and Hock Lye Toh},
    title   = {Face recognition with radial basis function ({RBF}) neural
    		   networks},
    journal = {{IEEE} Transactions on Neural Networks},
    year    = {2002},
    number   = {3},
    volume  = {13},
    pages   = {697--710}
}
@article{turk91,
    author  = {Matthew A. Turk and Alex P. Pentland},
    title   = {Eigenfaces for Recognition},
    journal = {Journal of Cognitive Neurosicence},
    year    = {1991},
    number  = {3},
    volume  = {1},
    pages   = {71--86}
}
@inproceedings{maeda99,
	author  = {Eisaku Maeda and Hiroshi Murase},
  title   = {Multi-category classification by kernel based
nonlinear subspace method},
	booktitle = {Proceedings of the {IEEE} International Conference on Acoustics, Speech, and Signal Processing},
	volume    = {2},
	year      = {1999},
	month			= {March},
	pages     = {1025--1028}
}
@inproceedings{satoh00,
	author    = {S. Satoh},
	title     = {Comparative evaluation of face sequence matching for
content-based video access},
	booktitle = {{IEEE} Proceedings on Automatic Face and Gesture Recognition},
	address   = {},
	month			= {},
	year      = {2000},
	pages     = {163--168}
}
@article{belhumeur97,
  author  = {P.N. Belhumeur and J.P. Hespanha and D.J. Kriegman},
  title   = {Eigenfaces vs. Fisherfaces: recognition using class specific linear projection},
  journal = {{IEEE} Transactions on Pattern Analysis and Machine Intelligence},
  year    = {1997},
  volume  = {19},
  number  = {7},
  pages   = {711--720}
}
@inproceedings{edwards99,
	author    = {G.J. Edwards and C.J. Taylor and T.F. Cootes},
	title     = {Improving identification performance by integrating evidence from sequences},
	booktitle = {IEEE Proceedings on Computer Vision and Pattern Recognition},
	year      = {1999},
	pages     = {486--491}
}
@inproceedings{li01_face,
	author    = {Y. Li and S. Gong and H. Liddell},
	title     = {Modelling faces dynamically across views and over time},
	booktitle = {{IEEE} Proceedings on Computer Vision},
	year      = {2001},
	pages     = {554--559}
}
@article{wiskott97,
  author  = {L. Wiskott and J.-M. Fellous and N. Kruger and C.V. Malsburg},
  title   = {Face recognition by elastic bunch graph matching},
  journal = {{IEEE} Transactions on Pattern Analysis and Machine Intelligence},
  year    = {1997},
  volume  = {19},
  number  = {7},
  pages   = {775--779}
}
@inproceedings{steffens98,
	author    = {J. Steffens and E. Elagin and H. Neven},
	title     = {Personspotter—fast and robust system for human detection, tracking and recognition},
	booktitle = {{IEEE} Proceedings on Automatic Face and Gesture Recognition},
	year      = {1998},
	pages     = {516--521}
}
@article{koh02,
  author  = {L. {Hock Koh} and S. Raganatah and Y.V. Venkatesh},
  title   = {An integrated automatic face detection and recognition system},
  journal = {Pattern Recognition},
  year    = {2002},
  volume  = {35},
  number  = {6},
  pages   = {1259--1273}
}
@article{hwang00,
  author  = {W.-S. Hwang and J. Weng},
  title   = {Hierarchical discriminant regression},
  journal = {{IEEE} Transactions on Pattern Analysis and Machine Intelligence},
  year    = {2000},
  volume  = {22},
  number  = {11},
  pages   = {1277--1293}
}
@inproceedings{weng00,
	author    = {J. Weng and C.H. Evans and W.-S. Hwang},
	title     = {An incremental learning method for face recognition under continuous video stream},
	booktitle = {{IEEE} Proceedings on Automatic Face and Gesture Recognition},
	year      = {2000},
	pages     = {251--256}
}
@article{raytchev03,
  author  = {Bisser Raytchev and Hiroshi Murase},
  title   = {Unsupervised face recognition by associative chaining},
  journal = {Pattern Recognition},
  year    = {2003},
  volume  = {36},
  number  = {1},
  pages   = {245--257}
}
@inproceedings{chen01,
	author    = {L.-F. Chen and H.-Y.M. Liao and J.-C. Lin},
	title     = {Person identification using facial motion},
	booktitle = {Proceedings on Image Processing},
	volume		= {2},
	year      = {2001},
	pages     = {677--680}
}
@article{lee05,
  author  = {Kuang-Chih Lee and Jeffrey Ho and Ming-Hsuan Yang and David Kriegman},
  title   = {Visual tracking and recognition using probabilistic appearance manifolds},
  journal = {Computer Vision and Image Understanding},
  year    = {2005},
  volume  = {3},
  number  = {2005},
  pages   = {303--331}
}
@article{breiman99,
  author  = {L. Breiman},
  title   = {Pasting small votes for classification in large databases and on-line},
  journal = {Machine Learning},
  year    = {1999},
  volume  = {36},
  number  = {1},
  pages   = {85--103}
}
@phdthesis{oza01,
	author	= {N. C. Oza},
	title		= {Online Ensemble Learning},
	school  = {University of California},
	address = {Berkeley, California},
	year		= {2000}
}
@inproceedings{street01,
	author    = {W. N. Street and Y. S. Kim},
	title     = {A streaming ensemble algorithm (SEA) for large-scale classification},
	booktitle = {Proceedings of the 7th ACM SIGKDD International Conference
on Knowledge Discovery and Data Mining},
	year      = {2001},
	pages     = {377--382}
}
@article{blum97,
  author  = {A. Blum},
  title   = {Empirical support for winnow and weighted-majority algorithms: Results on a calendar scheduling domain},
  journal = {Machine Learning},
  year    = {1997},
  volume  = {26},
  number  = {1},
  pages   = {5--23}
}
@inproceedings{xingquan04,
	author    = {Zhu Xingquan and Wu Xindong and Yang Ying},
	title     = {Dynamic classifier selection for effective mining from noisy data streams},
	booktitle = {{IEEE} Proceedings of the International Conference on Data Mining},
	year      = {2004},
	pages     = {305--312}
}
@inbook{gama04,
	author		= {João Gama and Pedro Medas and Gladys Castillo and Pedro Rodrigues },
	chapter		= {Learning with drift detection},
	title			= {Advances in Artificial Intelligence},
	publisher	= {Springer-Verlag},
	address		= {New York},
	year			= {1999},
	pages     = {286--295}
}
@article{ganti02,
  author  = {Venkatesh Ganti and Johannes Gehrke and Raghu Ramakrishnan},
  title   = {Mining data streams under block evolution},
  journal = {{ACM} {SIGKDD} Explorations Newsletter},
  year    = {2002},
  volume  = {3},
  number  = {1},
  pages   = {1--10}
}
@inproceedings{wang03,
	author    = {Haixun Wang and Wei Fan and Philip S. Yu and Jiawei Han },
	title     = {Mining concept drifting data streams using ensemble classifiers},
	booktitle = {Proceedings of the ACM SIGKDD International Conference on Knowledge Discovery and Data Mining},
	year      = {2003},
	pages     = {226--235}
}
@article{chen,
  author  = {S. Chen and H. He},
  title   = {Toward incremental learning of nonstationary imbalanced data stream: A multiple selectively recursive approach},
  journal = {Evolving systems},
  year    = {2011},
  volume  = {2},
  number  = {1},
  pages   = {35--50}
}
@article{kolter07,
  author  = {J. Z. Kolter and M. A. Maloof},
  title   = {Dynamic weighted majority: An ensemble method for drifting concepts},
  journal = {Journal of Machine Learning Research},
  year    = {2007},
  volume  = {8},
  number  = {1},
  pages   = {2755--2790}
}
@article{abdulsalam11,
author={Abdulsalam, H. and Skillicorn, D.B. and Martin, P.},
journal={{IEEE} Transactions on Knowledge and Data Engineering},
title={Classification Using Streaming Random Forests},
year={2011},
volume={23},
number={1},
pages={22--36},
}
@inproceedings{bifet10,
	author    = {Albert Bifet and Eibe Frank and Geoff Holmes and Bernhard Pfahringer},
	title     = {Accurate ensembles for data streams: Combining restricted Hoeffding trees using stacking},
	booktitle = {Proceedings of the Asian Conference on Machine Learning},
	address   = {Tokyo, Japan},
	year      = {2010},
	pages     = {225--240}
}
@article{scholz06,
    author = {Martin Scholz and Ralf Klinkenberg},
    title = {Boosting Classifiers for Drifting Concepts},
    journal = {Intelligent Data Analysis (IDA), Special Issue on Knowledge Discovery from Data Streams},
    year = {2006},
    volume = {11},
    number = {1},
    pages = {1--28}
}
@article{muhlbaier09,
    author = {M. Muhlbaier and A. Topalis and and R. Polikar},
    title = {Learn++.NC: Combining ensemble of classifiers with dynamically weighted consult-and-vote for efficient incremental learning of new classes},
    journal = {{IEEE} Transactions on Neural Networks},
    year = {2009},
    volume = {20},
    number = {1},
    pages = {152--168}
}
@INPROCEEDINGS{granger10,
author={Granger, Eric and Prieur, Donavan and Connolly, Jean-Fran\c{c}ois},
booktitle={Evolutionary Computation (CEC), 2010 IEEE Congress on}, title={Evolving ARTMAP neural networks using Multi-Objective Particle Swarm Optimization},
year={2010},
month={july},
volume={1},
pages={1--8},
}
@article{deb02,
	author  = {Deb, K. and Pratap, A. and Agarwal, S. and Meyarivan, T.},
	journal = {Evolutionary Computation, IEEE Transactions on}, 
	title   = {A fast and elitist multiobjective genetic algorithm: NSGA-II},
	year    = {2002},
	volume  = {6},
	number  = {2},
	pages   = {182--197},
}
@ARTICLE{zitzler99,
author={Zitzler, E. and Thiele, L.},
journal={Evolutionary Computation, IEEE Transactions on},
title={Multiobjective evolutionary algorithms: a comparative case study and the strength Pareto approach},
year={1999},
month={nov},
volume={3},
number={4},
pages={257--271},
}
@INPROCEEDINGS{stallkamp07,
author={Stallkamp, J. and Ekenel, H.K. and Stiefelhagen, R.},
booktitle={Computer Vision, 2007. ICCV 2007. IEEE 11th International Conference on}, title={Video-based Face Recognition on Real-World Data},
year={2007},
month={oct.},
volume={1},
pages={1--8},
}
@incollection {ekenel09,
   author = {Ekenel, Hazım and Szasz-Toth, Lorant and Stiefelhagen, Rainer},
   title = {Open-Set Face Recognition-Based Visitor Interface System},
   booktitle = {Computer Vision Systems},
   series = {Lecture Notes in Computer Science},
   editor = {Fritz, Mario and Schiele, Bernt and Piater, Justus},
   publisher = {Springer Berlin / Heidelberg},
   pages = {43--52},
   volume = {5815},
   year = {2009},
}
@article{zliobaite10,
  author    = {Indre Zliobaite},
  title     = {Learning under Concept Drift: an Overview},
  journal   = {CoRR},
  volume    = {abs/1010.4784},
  year      = {2010},
  ee        = {http://arxiv.org/abs/1010.4784},
  bibsource = {DBLP, http://dblp.uni-trier.de}
}
@phdthesis{nishida08,
	author	= {Kyosuke Nishida},
	title		= {Learning and Detecting Concept Drift},
	school  = {Hokkaido University},
	address = {Sapporo, Japan},
	year		= {2008}
}
